<?xml version="1.0" encoding="UTF-8"?>
<record xmlns="http://www.loc.gov/MARC21/slim">
   <leader>01336cam a2200313 a 4500</leader>
   <controlfield tag="001">1789318</controlfield>
   <controlfield tag="003">NjP</controlfield>
   <controlfield tag="005">20190911132800.0</controlfield>
   <controlfield tag="008">980529s1924    ua       d    000 0 ara d</controlfield>
   <datafield tag="024" ind1="7" ind2=" ">
      <subfield code="a">princeton_aco004295</subfield>
      <subfield code="2">local</subfield>
   </datafield>
   <datafield ind1=" " ind2=" " tag="010">
      <subfield code="a">ne 63000852  </subfield>
   </datafield>
   <datafield ind1=" " ind2=" " tag="035">
      <subfield code="a">(CStRLIN)NJPG98-B33827</subfield>
   </datafield>
   <datafield ind1=" " ind2=" " tag="035">
      <subfield code="9">CGA2406TS</subfield>
   </datafield>
   <datafield ind1=" " ind2=" " tag="040">
      <subfield code="c">CarP</subfield>
      <subfield code="d">NjP</subfield>
   </datafield>
   <datafield ind1="0" ind2=" " tag="041">
      <subfield code="a">araeng</subfield>
   </datafield>
   <datafield ind1="0" ind2=" " tag="050">
      <subfield code="a">PJ6640</subfield>
      <subfield code="b">.E614 1924</subfield>
   </datafield>
   <datafield ind1=" " ind2=" " tag="035">
      <subfield code="a">(OCoLC)ocm39833572</subfield>
   </datafield>
   <datafield ind1="1" ind2=" " tag="100">
      <subfield code="a">Elias, Elias A.</subfield>
      <subfield code="q">(Elias Antoon)</subfield>
      <subfield code="0">http://id.loc.gov/authorities/names/n85801206</subfield>
   </datafield>
   <datafield ind1="1" ind2="0" tag="245">
      <subfield code="a">Qāmūs al-jayb, Inkilīzī wa-ʻArabī /</subfield>
      <subfield code="c">taʾlīf Ilyās Anṭūn Ilyās =bElias' Pocket dictionary, English-Arabic / by Elias A. Elias.</subfield>
   </datafield>
   <datafield ind1="1" ind2="5" tag="246">
      <subfield code="a">Qāmūs al-jayb, ʻArabī wa-Inkilīzī</subfield>
   </datafield>
   <datafield ind1="3" ind2="1" tag="246">
      <subfield code="a">Elias' Pocket dictionary, English-Arabic</subfield>
   </datafield>
   <datafield ind1="3" ind2=" " tag="246">
      <subfield code="a">Elias' Pocket dictionary, Arabic-English</subfield>
   </datafield>
   <datafield ind1="3" ind2=" " tag="246">
      <subfield code="a">Pocket dictionary, English-Arabic</subfield>
   </datafield>
   <datafield ind1="3" ind2=" " tag="246">
      <subfield code="a">Pocket dictionary, Arabic-English</subfield>
   </datafield>
   <datafield ind1=" " ind2=" " tag="260">
      <subfield code="a">Miṣr :</subfield>
      <subfield code="b">al-Maṭbaʻah al-ʻAṣrīyah,</subfield>
      <subfield code="c">[1924]</subfield>
   </datafield>
   <datafield ind1=" " ind2=" " tag="300">
      <subfield code="a">2 v. in 1.</subfield>
      <subfield code="c">14 cm.</subfield>
   </datafield>
   <datafield ind1=" " ind2="0" tag="650">
      <subfield code="a">English language</subfield>
      <subfield code="x">Dictionaries</subfield>
      <subfield code="x">Arabic.</subfield>
      <subfield code="0">http://id.loc.gov/authorities/subjects/sh2008102611</subfield>
   </datafield>
   <datafield ind1=" " ind2="0" tag="650">
      <subfield code="a">Arabic language</subfield>
      <subfield code="x">Dictionaries</subfield>
      <subfield code="x">English.</subfield>
      <subfield code="0">http://id.loc.gov/authorities/subjects/sh2007101221</subfield>
   </datafield>
   <datafield ind1=" " ind2=" " tag="998">
      <subfield code="a">05/29/98</subfield>
      <subfield code="s">9115</subfield>
      <subfield code="n">NjP</subfield>
      <subfield code="w">MIUGAFF3791B</subfield>
      <subfield code="d">05/29/98</subfield>
      <subfield code="c">RS</subfield>
      <subfield code="b">RS</subfield>
      <subfield code="i">980529</subfield>
      <subfield code="l">NJPG</subfield>
   </datafield>
   <datafield ind1=" " ind2=" " tag="911">
      <subfield code="a">19980604</subfield>
   </datafield>
   <datafield ind1=" " ind2=" " tag="912">
      <subfield code="a">19980529000000.0</subfield>
   </datafield>
   <datafield ind1="0" ind2="0" tag="852">
      <subfield code="0">2053542</subfield>
      <subfield code="b">rcppa</subfield>
      <subfield code="t">1</subfield>
      <subfield code="h">PJ6640</subfield>
      <subfield code="i">.E614 1924s</subfield>
      <subfield code="x">tr fr anxa</subfield>
   </datafield>
   <datafield ind1=" " ind2=" " tag="959">
      <subfield code="a">2000-06-13 00:00:00 -0500</subfield>
   </datafield>
</record>
